<?xml version="1.0" encoding="UTF-8"?><record xmlns="http://www.loc.gov/MARC21/slim" xmlns:cinclude="http://apache.org/cocoon/include/1.0" xmlns:zs="http://www.loc.gov/zing/srw/">
  <leader>00655cz  a2200169n  4500</leader>
  <controlfield tag="001">n  85048944 </controlfield>
  <controlfield tag="003">DLC</controlfield>
  <controlfield tag="005">20090725074947.0</controlfield>
  <controlfield tag="008">850308n| acannaabn          |a aaa      </controlfield>
  <datafield tag="010" ind1=" " ind2=" ">
    <subfield code="a">n  85048944 </subfield>
  </datafield>
  <datafield tag="035" ind1=" " ind2=" ">
    <subfield code="a">(OCoLC)oca01296347</subfield>
  </datafield>
  <datafield tag="040" ind1=" " ind2=" ">
    <subfield code="a">DLC</subfield>
    <subfield code="b">eng</subfield>
    <subfield code="c">DLC</subfield>
    <subfield code="d">DLC</subfield>
    <subfield code="d">OkU</subfield>
  </datafield>
  <datafield tag="100" ind1="1" ind2=" ">
    <subfield code="a">Gubin, S. P.</subfield>
    <subfield code="q">(Sergeĭ Pavlovich)</subfield>
  </datafield>
  <datafield tag="400" ind1="1" ind2=" ">
    <subfield code="a">Gubin, Sergeĭ Pavlovich</subfield>
  </datafield>
  <datafield tag="400" ind1="1" ind2=" ">
    <subfield code="a">Gubin, Sergey P.</subfield>
  </datafield>
  <datafield tag="670" ind1=" " ind2=" ">
    <subfield code="a">His Khimii︠a︡ kompleksov so svi︠a︡zi︠a︡mi metall-uglerod, 1984:</subfield>
    <subfield code="b">t.p. (S. P. Gubin) verso t.p. (Sergeĭ Pavlovich Gubin)</subfield>
  </datafield>
  <datafield tag="670" ind1=" " ind2=" ">
    <subfield code="a">Magnetic nanoparticles, c2009:</subfield>
    <subfield code="b">t.p. (Sergey P. Gubin) verso (Russian Academy of Sciences, General/Inorganic)</subfield>
  </datafield>
</record>